<?xml version="1.0" encoding="utf-8"?>
<record xmlns="http://www.loc.gov/MARC21/slim" xmlns:xsi="http://www.w3.org/2001/XMLSchema-instance" xsi:schemaLocation="http://www.loc.gov/MARC21/slim http://www.loc.gov/standards/marcxml/schema/MARC21slim.xsd">
	<leader>     nam a22     Mi 4500</leader>
	<controlfield tag="001">b14513870</controlfield>
	<controlfield tag="003">UaCaAUL</controlfield>
	<controlfield tag="006">m        d        </controlfield>
	<controlfield tag="007">cr cn |||m|||a</controlfield>
	<controlfield tag="008">191001s1939    ua      ob    000 0 ara d</controlfield>
	<datafield ind1=" " ind2=" " tag="040">
		<subfield code="a">ZYU</subfield>
		<subfield code="b">ara</subfield>
		<subfield code="e">rda</subfield>
		<subfield code="c">ZYU</subfield>
	</datafield>
	<datafield ind1=" " ind2="4" tag="050">
		<subfield code="a">KBP1610</subfield>
		<subfield code="b">.M87 1939</subfield>
	</datafield>
	<datafield ind1="1" ind2=" " tag="100">
		<subfield code="6">880-01</subfield>
		<subfield code="a">Musharrafah, ʻAṭīyah Muṣṭafá,</subfield>
		<subfield code="e">author.</subfield>
	</datafield>
	<datafield ind1="1" ind2="3" tag="245">
		<subfield code="6">880-02</subfield>
		<subfield code="a">al-Qaḍāʼ fī al-Islām bi-wajh ʻāmm wa-fī al-ʻahd al-Islāmī fī Miṣr bi-wajh khāṣṣ ilá sanat 358 H /</subfield>
		<subfield code="c">taʼlīf ʻAṭīyah Muṣṭafá Musharrafah, amīn maktabah bi-Jāmiʻat Fuʼād al-Awwal, wa-al-muḥāmī amām al-maḥākim al-ahlīyah sābiqan, bakālūriyūs fī al-ādāb (B. A.), wa-darajat al-mājistīr fī al-ādāb (M. A.), wa-darajat al-līsāns fī al-ḥuqūq (LL. B.)</subfield>
	</datafield>
	<datafield ind1=" " ind2=" " tag="250">
		<subfield code="6">880-03</subfield>
		<subfield code="a">al-Ṭabʻah al-ūlá.</subfield>
	</datafield>
	<datafield ind1=" " ind2="1" tag="264">
		<subfield code="6">880-04</subfield>
		<subfield code="a">[Cairo] :</subfield>
		<subfield code="b">ʻAṭīyah Muṣṭfá Musharrafah,</subfield>
		<subfield code="c">1358 H, 1939 M.</subfield>
	</datafield>
	<datafield ind1=" " ind2="3" tag="264">
		<subfield code="6">880-05</subfield>
		<subfield code="a">[Cairo] :</subfield>
		<subfield code="b">Maṭbaʻat al-Iʻtimād bi-shāriʻ Ḥasan al-Akbar li-ṣāḥbihā Muḥmūd al-Khuḍarī,</subfield>
		<subfield code="c">1358 H, 1939 M.</subfield>
	</datafield>
	<datafield ind1=" " ind2=" " tag="300">
		<subfield code="a">online resource (226 pages)</subfield>
	</datafield>
	<datafield ind1=" " ind2=" " tag="336">
		<subfield code="a">text</subfield>
		<subfield code="2">rdacontent</subfield>
	</datafield>
	<datafield ind1=" " ind2=" " tag="337">
		<subfield code="a">computer</subfield>
		<subfield code="2">rdamedia</subfield>
	</datafield>
	<datafield ind1=" " ind2=" " tag="338">
		<subfield code="a">online resource</subfield>
		<subfield code="2">rdacarrier</subfield>
	</datafield>
	<datafield ind1=" " ind2=" " tag="500">
		<subfield code="6">880-06</subfield>
		<subfield code="a">Iʻtamadat Jāmiʻat Fuʼād al-Awwal hādhihi al-raisālah li-darajat al-ustādhīyah fī al-ādāb.</subfield>
	</datafield>
	<datafield ind1=" " ind2=" " tag="500">
		<subfield code="a">Title page has author's stamp.</subfield>
	</datafield>
	<datafield ind1=" " ind2=" " tag="500">
		<subfield code="6">880-07</subfield>
		<subfield code="a">Kull nuskhah ghayr mabṣūmah bi-khitm al-muʼallif tuʻtabar masrūqah wa-yuʻāqab ḥāmiluhā.</subfield>
	</datafield>
	<datafield ind1=" " ind2=" " tag="500">
		<subfield code="a">Part of the Arabic Collections Online (ACO) project, contributed by American University in Cairo Library.</subfield>
	</datafield>
	<datafield ind1=" " ind2=" " tag="504">
		<subfield code="a">Includes bibliographical references (pages 219-226)</subfield>
	</datafield>
	<datafield ind1=" " ind2=" " tag="533">
		<subfield code="a">Electronic reproduction.</subfield>
		<subfield code="b">New York, N.Y. :</subfield>
		<subfield code="c">New York University,</subfield>
		<subfield code="d">2019.</subfield>
		<subfield code="5">NNU</subfield>
	</datafield>
	<datafield ind1=" " ind2="0" tag="650">
		<subfield code="a">Judicial power (Islamic law)</subfield>
	</datafield>
	<datafield ind1=" " ind2="7" tag="650">
		<subfield code="a">Judicial power (Islamic law)</subfield>
		<subfield code="2">fast</subfield>
		<subfield code="0">(OCoLC)fst00984704</subfield>
	</datafield>
	<datafield ind1="2" ind2=" " tag="710">
		<subfield code="a">American University in Cairo.</subfield>
		<subfield code="b">Library.</subfield>
	</datafield>
	<datafield ind1="0" ind2=" " tag="730">
		<subfield code="a">Arabic Collections Online.</subfield>
	</datafield>
	<datafield ind1="0" ind2="8" tag="776">
		<subfield code="i">Print version:</subfield>
		<subfield code="a">Musharrafah, ʻAṭīyah Muṣṭafá, author.</subfield>
		<subfield code="t">al-Qaḍāʼ fī al-Islām bi-wajh ʻāmm wa-fī al-ʻahd al-Islāmī fī Miṣr bi-wajh khāṣṣ ilá sanat 358 H</subfield>
		<subfield code="w">(UaCaAUL)b14513870</subfield>
		<subfield code="w">(OCoLC)1057894465</subfield>
	</datafield>
	<datafield ind1="4" ind2="0" tag="856">
		<subfield code="u">http://hdl.handle.net/2333.1/zw3r2b8f</subfield>
	</datafield>
	<datafield ind1="1" ind2=" " tag="880">
		<subfield code="6">100-01</subfield>
		<subfield code="a">مشرفة، عطية مصطفى،</subfield>
		<subfield code="e">author.</subfield>
	</datafield>
	<datafield ind1="1" ind2="2" tag="880">
		<subfield code="6">245-02</subfield>
		<subfield code="a">القضاء في الاسلام بوجه عام وفي العهد الاسلامي في مصر بوجه خاص إلى سنة 358 ه /</subfield>
		<subfield code="c">تأليف عطيه مصطفى مشرفه، أمين مكتبة بجامعة فؤاد الأول، والمحامي أمام المحاكم الأهلية سابقا، بكالوريوس في الآداب (B. A.)، ودرجة الماجستير في الاداب (M. A.)، ودرجة الليسانس في الحقوق (LL. B.)</subfield>
	</datafield>
	<datafield ind1=" " ind2=" " tag="880">
		<subfield code="6">250-03</subfield>
		<subfield code="a">الطبعة الأولى.</subfield>
	</datafield>
	<datafield ind1=" " ind2="1" tag="880">
		<subfield code="6">264-04</subfield>
		<subfield code="a">[Cairo] :</subfield>
		<subfield code="b">عطيه مصطفى مشرفه،</subfield>
		<subfield code="c">1358 ه، 1939 م.</subfield>
	</datafield>
	<datafield ind1=" " ind2="3" tag="880">
		<subfield code="6">264-05</subfield>
		<subfield code="a">[Cairo] :</subfield>
		<subfield code="b">مطبعة الاعتماد بشارع حسن الاكبر لصاحبها محمود الخضري،</subfield>
		<subfield code="c">1358 ه، 1939 م.</subfield>
	</datafield>
	<datafield ind1=" " ind2=" " tag="880">
		<subfield code="6">500-06</subfield>
		<subfield code="a">اعتمدت جامعة فؤاد الأول هذه الرسالة لدرجة الأستاذية في الآداب.</subfield>
	</datafield>
	<datafield ind1=" " ind2=" " tag="880">
		<subfield code="6">500-07</subfield>
		<subfield code="a">كل نسخة غير مبصومة بختم المؤلف تعتبر مسروقة ويعاقب حاملها.</subfield>
	</datafield>
	<datafield ind1=" " ind2=" " tag="959">
		<subfield code="a">NNU</subfield>
		<subfield code="b">WEB</subfield>
		<subfield code="c">GENI</subfield>
		<subfield code="t">0</subfield>
		<subfield code="m">Electronic access</subfield>
		<subfield code="s">01</subfield>
	</datafield>
	<datafield ind1=" " ind2=" " tag="999">
		<subfield code="i">UaCaAUL_b14513870</subfield>
		<subfield code="o">(OCoLC)on1057894465</subfield>
		<subfield code="s">auc_aco000748</subfield>
	</datafield>
</record>
